<?xml version="1.0" encoding="UTF-8"?><collection xmlns="http://www.loc.gov/MARC21/slim"><record><leader>00269nam--2200121-i-4500</leader><controlfield tag="001">000010178</controlfield><controlfield tag="002">20161230</controlfield><controlfield tag="005">20161230201028</controlfield><controlfield tag="008">060222s1000------------r-----000-0-eng-d</controlfield><datafield ind1=" " ind2=" " tag="100"><subfield code="a">Stovall, Marlyn</subfield></datafield><datafield ind1=" " ind2=" " tag="245"><subfield code="a">Lanzl, l.h</subfield></datafield><datafield ind1=" " ind2=" " tag="260"><subfield code="a">Moss, W.S</subfield></datafield><datafield ind1=" " ind2=" " tag="490"><subfield code="a">Vienna, Iaea, 1972</subfield></datafield></record></collection>